<record xmlns="http://www.openarchives.org/OAI/2.0/" xmlns:xsi="http://www.w3.org/2001/XMLSchema-instance"><header><identifier>oai:alma.34CSIC_INST:990012316560204201</identifier><datestamp>2020-02-06T08:41:03Z</datestamp><setSpec>manuscripta</setSpec></header><metadata><record xmlns="http://www.loc.gov/MARC21/slim" xmlns:xsi="http://www.w3.org/2001/XMLSchema-instance" xsi:schemaLocation="http://www.loc.gov/MARC21/slim http://www.loc.gov/standards/marcxml/schema/MARC21slim.xsd"><leader>06657ntm a2200601 i 4500</leader><controlfield tag="005">20181031100352.0</controlfield><controlfield tag="008">100504q1uuu    xx            000 0 ara d</controlfield><controlfield tag="001">990012316560204201</controlfield><datafield tag="035" ind1=" " ind2=" "><subfield code="a">CSIC001231656</subfield></datafield><datafield tag="035" ind1=" " ind2=" "><subfield code="a">(ES-MaCSI)001231656MAD01-Aleph</subfield></datafield><datafield tag="035" ind1=" " ind2=" "><subfield code="a">(OCoLC)1123851930
</subfield></datafield><datafield tag="040" ind1=" " ind2=" "><subfield code="a">ES-MaCSI</subfield><subfield code="b">spa</subfield></datafield><datafield tag="080" ind1=" " ind2=" "><subfield code="a">091(=411.21)</subfield></datafield><datafield tag="080" ind1=" " ind2=" "><subfield code="a">28-23</subfield></datafield><datafield tag="245" ind1="1" ind2="0"><subfield code="a">[القُرْآن]</subfield><subfield code="h">[Manuscrito]</subfield></datafield><datafield tag="260" ind1=" " ind2=" "><subfield code="a">[S.l.],</subfield><subfield code="c">[s.a.].</subfield></datafield><datafield tag="300" ind1=" " ind2=" "><subfield code="a">44 ff. escritos y 9 ff. en blanco (tres al inicio y seis al final) (1 col. 15 líneas por pág.) :</subfield><subfield code="b">Papel tratado moderno. ;</subfield><subfield code="c">22,2x17 cm. (caja: 15,2x10 cm.).</subfield></datafield><datafield tag="490" ind1="0" ind2=" "><subfield code="a">Manuscripta</subfield></datafield><datafield tag="500" ind1=" " ind2=" "><subfield code="a">Incipit: [بسملة وتصلية] بِسْمِ الله الْرَّحْمَن الرَّحِيمِ كهيعص ذِكْرُ رَحْمَةِ رَبِّكَ عَنْدَهُ زَكَرِيَّا. إذْ نَادِى رَبَّهُ نِذَاء خَفِيًّا</subfield></datafield><datafield tag="500" ind1=" " ind2=" "><subfield code="a">Explicit: اَتْلُ مَا أَوْحِىَ إِلَيْكَ مِنَ الكِتَابِ وَأَقِمِ الصَّلَوَةَ إِنَّ تَنهي عَنِ اَلْفَحْشَاءِ وَالمُنكَرِ وَلَذِكْرُ الله أكْبَرُ والله يَعْلُمُ مَا تَصْنَعُونَ.</subfield></datafield><datafield tag="500" ind1=" " ind2=" "><subfield code="a">Tinta negra.</subfield></datafield><datafield tag="500" ind1=" " ind2=" "><subfield code="a">Copista: 1 copista desconocido.</subfield></datafield><datafield tag="500" ind1=" " ind2=" "><subfield code="a">Colofón: انتهى وكفى وسلام على عبادة الذين اصطفى وصلى الله على سيدنا ومولانا محمد وعلى اله وصحبه وسلم تسليما.</subfield></datafield><datafield tag="500" ind1=" " ind2=" "><subfield code="a">Características especiales: Texto en caja de texto de doble línea roja. El título de las azoras está escrito en tinta roja, excepto el de la azoras 19, que no está titulada, y el de la 21, que lo está en tinta negra.</subfield></datafield><datafield tag="500" ind1=" " ind2=" "><subfield code="a">Ilustración: Separación de las aleyas marcada por un signo rojo. La hamza se representa con un punto miniado.</subfield></datafield><datafield tag="500" ind1=" " ind2=" "><subfield code="a">Ilustraciones: No.</subfield></datafield><datafield tag="500" ind1=" " ind2=" "><subfield code="a">Tipo de cuaderno: Cuadernos de 4 y 5 bifolios.</subfield></datafield><datafield tag="500" ind1=" " ind2=" "><subfield code="a">Deterioros generales: Muy buen estado de conservación.</subfield></datafield><datafield tag="500" ind1=" " ind2=" "><subfield code="a">H. en blanco: 3 al inicio y 6 al final, y recto del f. 1 y verso del f. 44.</subfield></datafield><datafield tag="500" ind1=" " ind2=" "><subfield code="a">H. dañadas, mutiladas, sueltas: No.</subfield></datafield><datafield tag="500" ind1=" " ind2=" "><subfield code="a">H. añadidas: No.</subfield></datafield><datafield tag="500" ind1=" " ind2=" "><subfield code="a">Foliación: 1-44: sin foliación original. Se han foliado a lápiz en el margen superior derecho del recto de las hojas con texto.</subfield></datafield><datafield tag="500" ind1=" " ind2=" "><subfield code="a">Reclamos: Al final del verso de todos los folios, fuera de la caja textual.</subfield></datafield><datafield tag="500" ind1=" " ind2=" "><subfield code="a">Signatura cuaderno: No.</subfield></datafield><datafield tag="500" ind1=" " ind2=" "><subfield code="a">Pautado: No se aprecia. Distancia interlineal: 0,9-1,1 cm.</subfield></datafield><datafield tag="500" ind1=" " ind2=" "><subfield code="a">Filigrana: Papel moderno sin filigrana.</subfield></datafield><datafield tag="500" ind1=" " ind2=" "><subfield code="a">Signatura antigua: AEEA, 29.</subfield></datafield><datafield tag="500" ind1=" " ind2=" "><subfield code="a">Anotaciones: -Las divisiones coránicas (ḥizb, niṣf o rubʽ) están indicadas en los márgenes en tinta roja. -Escasas anotaciones marginales, con correcciones del texto. -Verso de la penúltima hoja en blanco: “Este libro fue cojido en la toma de Tetuán por el ejército español al mando del ejercito señor capitán general D, Leopoldo O´Donell el 6 de febrero de 1860. Un recuerdo de tan gloriosa jornada en que tome parte para mi amigo el cathedratico D. Antonio Fustigueras. El coronel 1er comandante Javier Godoy y Romay” -f. 44v: Sello azul de la Escuela de estudios árabes. -Última hoja de guarda: “Donativo del ministro sr. Beigbeder” -Pliego moderno suelto con anotaciones sobre el contenido.</subfield></datafield><datafield tag="510" ind1="3" ind2=" "><subfield code="a">Descripción: No.</subfield></datafield><datafield tag="510" ind1="4" ind2=" "><subfield code="a">Bibliografía: No.</subfield></datafield><datafield tag="520" ind1="2" ind2=" "><subfield code="a">Fragmento de Corán: de la azora 19 hasta la aleya 45 de la azora 29.</subfield></datafield><datafield tag="530" ind1=" " ind2=" "><subfield code="a">Digitalizado.</subfield></datafield><datafield tag="541" ind1=" " ind2=" "><subfield code="a">Procedencia: Toma de Tetuán. “Donativo del ministro sr. Beigbeder”.</subfield><subfield code="d">Ingreso: 02/03/1940</subfield></datafield><datafield tag="546" ind1=" " ind2=" "><subfield code="a">Árabe</subfield><subfield code="b">con escritura Magrebí</subfield></datafield><datafield tag="563" ind1=" " ind2=" "><subfield code="a">Encuadernado en cartera de piel marrón claro, con decoración rectangular con motivos geométricos, estampada en seco, con un medallón azul en la parte central en ambas caras.</subfield></datafield><datafield tag="594" ind1=" " ind2="1"><subfield code="a">No consta.</subfield></datafield><datafield tag="595" ind1=" " ind2=" "><subfield code="a">No.</subfield></datafield><datafield tag="630" ind1="0" ind2="7"><subfield code="a">Corán.</subfield><subfield code="2">CSICAU</subfield></datafield><datafield tag="650" ind1=" " ind2="7"><subfield code="a">Manuscritos árabes.</subfield><subfield code="2">CSICAU</subfield></datafield><datafield tag="740" ind1="0" ind2=" "><subfield code="a">[Al-Qurʼān]</subfield></datafield><datafield tag="830" ind1=" " ind2="0"><subfield code="a">Manuscripta</subfield></datafield><datafield tag="856" ind1="4" ind2="1"><subfield code="u">http://aleph.csic.es/imagenes/mad01/0006_PMSC/P_001231656_658939_V00.pdf</subfield><subfield code="z">Descargar Pdf completo (30M)</subfield><subfield code="m">CSIC</subfield></datafield><datafield tag="856" ind1="4" ind2="1"><subfield code="u">http://simurg.bibliotecas.csic.es/viewer/image/CSIC001231656/1/</subfield><subfield code="z">Ver texto completo en SIMURG, el portal de fondos digitalizados del CSIC</subfield><subfield code="m">CSIC</subfield></datafield><datafield tag="856" ind1="4" ind2="1"><subfield code="u">http://aleph.csic.es/imagenes/mad01/0006_PMSC/html/001231656.html</subfield><subfield code="z">Ver texto completo en Bookreader</subfield></datafield></record></metadata></record>